@inproceedings{nasnet,
  title={Neural Architecture Search with Reinforcement Learning},
  booktitle={International Conference on Learning Representations (ICLR)},
  year={2017},
  author={Zoph, Barret and Le, Quoc V}
}
@inproceedings{enas,
  title     = {Efficient Neural Architecture Search via Parameter Sharing},
  author    = {Pham, Hieu and Guan, Melody Y and Zoph, Barret and Le, Quoc V and Dean, Jeff},
  booktitle = {International Conference on Machine Learning (ICML)},
  year      = {2018}
}

@article{darts,
  title={DARTS: Differentiable Architecture Search},
  author={Liu, Hanxiao and Simonyan, Karen and Yang, Yiming},
  journal={arXiv preprint arXiv:1806.09055},
  year={2018}
}

@inproceedings{SNAS,
  title={SNAS: stochastic neural architecture search},
  author={Xie, Sirui and Zheng, Hehui and Liu, Chunxiao and Lin, Liang},
  booktitle={International Conference on Learning Representations (ICLR)},
  year={2019}
}

@inproceedings{tas,
  title     = {Network Pruning via Transformable Architecture Search},
  author    = {Dong, Xuanyi and Yang, Yi},
  booktitle = {Neural Information Processing Systems (NeurIPS)},
  year      = {2019}
}

@inproceedings{grouplasso,
  title={Learning structured sparsity in deep neural networks},
  author={Wen, Wei and Wu, Chunpeng and Wang, Yandan and Chen, Yiran and Li, Hai},
  booktitle={Advances in neural information processing systems},
  pages={2074--2082},
  year={2016}
}

@inproceedings{morphnet,
  title={Morphnet: Fast \& simple resource-constrained structure learning of deep networks},
  author={Gordon, Ariel and Eban, Elad and Nachum, Ofir and Chen, Bo and Wu, Hao and Yang, Tien-Ju and Choi, Edward},
  booktitle={Proceedings of the IEEE Conference on Computer Vision and Pattern Recognition},
  pages={1586--1595},
  year={2018}
}

@inproceedings{decore,
  title={Improving Deep Neural Network Sparsity through Decorrelation Regularization.},
  author={Zhu, Xiaotian and Zhou, Wengang and Li, Houqiang},
  booktitle={IJCAI},
  pages={3264--3270},
  year={2018}
}

@inproceedings{liu2017learning,
  title={Learning efficient convolutional networks through network slimming},
  author={Liu, Zhuang and Li, Jianguo and Shen, Zhiqiang and Huang, Gao and Yan, Shoumeng and Zhang, Changshui},
  booktitle={Proceedings of the IEEE International Conference on Computer Vision},
  pages={2736--2744},
  year={2017}
}

@inproceedings{lecun1990optimal,
  title={Optimal brain damage},
  author={LeCun, Yann and Denker, John S and Solla, Sara A},
  booktitle={Advances in neural information processing systems},
  pages={598--605},
  year={1990}
}

@inproceedings{deepcompression,
  title={Deep compression: Compressing deep neural networks with pruning, trained quantization and huffman coding},
  author={Han, Song and Mao, Huizi and Dally, William J},
  booktitle={International Conference on Learning Representations (ICLR)},
  year={2016}
}

@inproceedings{netadapt,
  title={Netadapt: Platform-aware neural network adaptation for mobile applications},
  author={Yang, Tien-Ju and Howard, Andrew and Chen, Bo and Zhang, Xiao and Go, Alec and Sandler, Mark and Sze, Vivienne and Adam, Hartwig},
  booktitle={Proceedings of the European Conference on Computer Vision (ECCV)},
  pages={285--300},
  year={2018}
}

@inproceedings{amc,
  title={Amc: Automl for model compression and acceleration on mobile devices},
  author={He, Yihui and Lin, Ji and Liu, Zhijian and Wang, Hanrui and Li, Li-Jia and Han, Song},
  booktitle={Proceedings of the European Conference on Computer Vision (ECCV)},
  pages={784--800},
  year={2018}
}

@inproceedings{autocompress,
  title={AutoCompress: An Automatic DNN Structured Pruning Framework for Ultra-High Compression Rates},
  author={Ning Liu and Xiaolong Ma and Zhiyuan Xu and Yanzhi Wang and Jian Tang and Jieping Ye},
  year={2019}
}

@inproceedings{veniat2018learning,
  title={Learning time/memory-efficient deep architectures with budgeted super networks},
  author={Veniat, Tom and Denoyer, Ludovic},
  booktitle={Proceedings of the IEEE Conference on Computer Vision and Pattern Recognition},
  pages={3492--3500},
  year={2018}
}


@inproceedings{ecc,
  title={ECC: Platform-Independent Energy-Constrained Deep Neural Network Compression via a Bilinear Regression Model},
  author={Yang, Haichuan and Zhu, Yuhao and Liu, Ji},
  booktitle={Proceedings of the IEEE Conference on Computer Vision and Pattern Recognition},
  pages={11206--11215},
  year={2019}
}

@article{admm,
  title={Distributed optimization and statistical learning via the alternating direction method of multipliers},
  author={Boyd, Stephen and Parikh, Neal and Chu, Eric and Peleato, Borja and Eckstein, Jonathan and others},
  journal={Foundations and Trends{\textregistered} in Machine learning},
  volume={3},
  number={1},
  pages={1--122},
  year={2011},
  publisher={Now Publishers, Inc.}
}

@inproceedings{resnet,
  title={Deep residual learning for image recognition},
  author={He, Kaiming and Zhang, Xiangyu and Ren, Shaoqing and Sun, Jian},
  booktitle={Proceedings of the IEEE conference on computer vision and pattern recognition},
  pages={770--778},
  year={2016}
}


@article{sfp,
  title={Soft filter pruning for accelerating deep convolutional neural networks},
  author={He, Yang and Kang, Guoliang and Dong, Xuanyi and Fu, Yanwei and Yang, Yi},
  journal={arXiv preprint arXiv:1808.06866},
  year={2018}
}

@inproceedings{legr,
title={Towards Efficient Model Compression via Learned Global Ranking},
author={Chin, Ting-Wu and Ding, Ruizhou and Zhang, Cha and Marculescu, Diana},
booktitle={Proceedings of the IEEE Conference on Computer Vision and Pattern Recognition},
year={2020}
}


@inproceedings{LCCL,
  title={More is less: A more complicated network with less inference complexity},
  author={Dong, Xuanyi and Huang, Junshi and Yang, Yi and Yan, Shuicheng},
  booktitle={Proceedings of the IEEE Conference on Computer Vision and Pattern Recognition},
  pages={5840--5848},
  year={2017}
}

@inproceedings{fpgm,
  title={Filter pruning via geometric median for deep convolutional neural networks acceleration},
  author={He, Yang and Liu, Ping and Wang, Ziwei and Hu, Zhilan and Yang, Yi},
  booktitle={Proceedings of the IEEE Conference on Computer Vision and Pattern Recognition},
  pages={4340--4349},
  year={2019}
}

@inproceedings{variational,
  title={Variational convolutional neural network pruning},
  author={Zhao, Chenglong and Ni, Bingbing and Zhang, Jian and Zhao, Qiwei and Zhang, Wenjun and Tian, Qi},
  booktitle={Proceedings of the IEEE Conference on Computer Vision and Pattern Recognition},
  pages={2780--2789},
  year={2019}
}

@article{pfec,
  title={Pruning Filters for Efficient ConvNets},
  author={Hao Li and Asim Kadav and Igor Durdanovic and Hanan Samet and Hans Peter Graf},
  journal={ArXiv},
  year={2016},
  volume={abs/1608.08710}
}

@inproceedings{cp,
  title={Channel pruning for accelerating very deep neural networks},
  author={He, Yihui and Zhang, Xiangyu and Sun, Jian},
  booktitle={Proceedings of the IEEE International Conference on Computer Vision},
  pages={1389--1397},
  year={2017}
}


@article{rethinking,
  title={Rethinking the value of network pruning},
  author={Liu, Zhuang and Sun, Mingjie and Zhou, Tinghui and Huang, Gao and Darrell, Trevor},
  journal={arXiv preprint arXiv:1810.05270},
  year={2018}
}

@unknown{bar,
author = {Lemaire, Carl and Achkar, Andrew and Jodoin, Pierre-Marc},
year = {2018},
month = {11},
pages = {},
title = {Structured Pruning of Neural Networks with Budget-Aware Regularization}
}

@inproceedings{zhuang2018discrimination,
  title={Discrimination-aware channel pruning for deep neural networks},
  author={Zhuang, Zhuangwei and Tan, Mingkui and Zhuang, Bohan and Liu, Jing and Guo, Yong and Wu, Qingyao and Huang, Junzhou and Zhu, Jinhui},
  booktitle={Advances in Neural Information Processing Systems},
  pages={875--886},
  year={2018}
}

@inproceedings{luo2017thinet,
  title={Thinet: A filter level pruning method for deep neural network compression},
  author={Luo, Jian-Hao and Wu, Jianxin and Lin, Weiyao},
  booktitle={Proceedings of the IEEE international conference on computer vision},
  pages={5058--5066},
  year={2017}
}

@inproceedings{liu2019metapruning,
  title={Metapruning: Meta learning for automatic neural network channel pruning},
  author={Liu, Zechun and Mu, Haoyuan and Zhang, Xiangyu and Guo, Zichao and Yang, Xin and Cheng, Kwang-Ting and Sun, Jian},
  booktitle={Proceedings of the IEEE International Conference on Computer Vision},
  pages={3296--3305},
  year={2019}
}

@article{kingma2014adam,
  title={Adam: A method for stochastic optimization},
  author={Kingma, Diederik P and Ba, Jimmy},
  journal={arXiv preprint arXiv:1412.6980},
  year={2014}
}

@inproceedings{APG,
  title={Data-driven sparse structure selection for deep neural networks},
  author={Huang, Zehao and Wang, Naiyan},
  booktitle={Proceedings of the European conference on computer vision (ECCV)},
  pages={304--320},
  year={2018}
}

@inproceedings{GDP,
  title={Accelerating Convolutional Networks via Global \& Dynamic Filter Pruning.},
  author={Lin, Shaohui and Ji, Rongrong and Li, Yuchao and Wu, Yongjian and Huang, Feiyue and Zhang, Baochang},
  booktitle={IJCAI},
  pages={2425--2432},
  year={2018}
}

@article{PFS,
  title={Pruning from Scratch},
  author={Yulong Wang and Xiaolu Zhang and Lingxi Xie and Jun Zhou and Hang Su and Bo Zhang and Xiaolin Hu},
  journal={ArXiv},
  year={2019},
  volume={abs/1909.12579}
}

@incollection{pytorch19nips,
title = {PyTorch: An Imperative Style, High-Performance Deep Learning Library},
author = {Paszke, Adam and Gross, Sam and Massa, Francisco and Lerer, Adam and Bradbury, James and Chanan, Gregory and Killeen, Trevor and Lin, Zeming and Gimelshein, Natalia and Antiga, Luca and Desmaison, Alban and Kopf, Andreas and Yang, Edward and DeVito, Zachary and Raison, Martin and Tejani, Alykhan and Chilamkurthy, Sasank and Steiner, Benoit and Fang, Lu and Bai, Junjie and Chintala, Soumith},
booktitle = {Advances in Neural Information Processing Systems 32},
pages = {8024--8035},
year = {2019},
publisher = {Curran Associates, Inc.},
url = {http://papers.neurips.cc/paper/9015-pytorch-an-imperative-style-high-performance-deep-learning-library.pdf}
}

@InProceedings{hinge,
author = {Li, Yawei and Gu, Shuhang and Mayer, Christoph and Gool, Luc Van and Timofte, Radu},
title = {Group Sparsity: The Hinge Between Filter Pruning and Decomposition for Network Compression},
booktitle = {Proceedings of the IEEE/CVF Conference on Computer Vision and Pattern Recognition (CVPR)},
month = {June},
year = {2020}
}